<record><leader>00000cas a22000007a 4500</leader><controlfield tag="001">1761624</controlfield><controlfield tag="008">751101d18761879mnuwr ne      0    0eng d</controlfield><datafield ind1=" " ind2=" " tag="010"><subfield code="a">sn 91059118 </subfield></datafield><datafield ind1=" " ind2=" " tag="040"><subfield code="a">MUL</subfield><subfield code="b">eng</subfield><subfield code="c">MUL</subfield><subfield code="d">MN#</subfield><subfield code="d">OCLCQ</subfield><subfield code="d">OCLCF</subfield><subfield code="d">OCLCO</subfield></datafield><datafield ind1="1" ind2=" " tag="029"><subfield code="a">AU@</subfield><subfield code="b">000025887078</subfield></datafield><datafield ind1=" " ind2=" " tag="042"><subfield code="a">msc</subfield></datafield><datafield ind1=" " ind2=" " tag="043"><subfield code="a">n-us-mn</subfield></datafield><datafield ind1=" " ind2=" " tag="052"><subfield code="a">4144</subfield><subfield code="b">O9</subfield></datafield><datafield ind1=" " ind2=" " tag="052"><subfield code="a">4143</subfield><subfield code="b">S7</subfield></datafield><datafield ind1="0" ind2="4" tag="245"><subfield code="a">The Owatonna review.</subfield></datafield><datafield ind1=" " ind2=" " tag="260"><subfield code="a">Owatonna, Minn. :</subfield><subfield code="b">Soper Bros. &amp; Lewis</subfield></datafield><datafield ind1=" " ind2=" " tag="300"><subfield code="a">v.</subfield></datafield><datafield ind1=" " ind2=" " tag="310"><subfield code="a">Weekly</subfield></datafield><datafield ind1="1" ind2=" " tag="362"><subfield code="a">Began in Apr. 1876; ceased in May 1879.</subfield></datafield><datafield ind1=" " ind2=" " tag="530"><subfield code="a">Available on microfilm from the Minnesota Historical Society.</subfield></datafield><datafield ind1=" " ind2=" " tag="588"><subfield code="a">Description based on: Vol. 3, no. 17 (Aug. 17, 1877).</subfield></datafield><datafield ind1=" " ind2="0" tag="651"><subfield code="a">Owatonna (Minn.)</subfield><subfield code="v">Newspapers.</subfield></datafield><datafield ind1=" " ind2="7" tag="655"><subfield code="a">Newspapers.</subfield><subfield code="2">fast</subfield><subfield code="0">(OCoLC)fst01423814</subfield></datafield><datafield ind1=" " ind2="7" tag="651"><subfield code="a">Minnesota</subfield><subfield code="z">Owatonna.</subfield><subfield code="2">fast</subfield><subfield code="0">(OCoLC)fst01208537</subfield></datafield><datafield ind1=" " ind2=" " tag="752"><subfield code="a">United States</subfield><subfield code="b">Minnesota</subfield><subfield code="c">Steele</subfield><subfield code="d">Owatonna.</subfield></datafield><datafield ind1="0" ind2="0" tag="780"><subfield code="t">Our pastime (Owatonna, Minn.)</subfield></datafield><datafield ind1="0" ind2="4" tag="785"><subfield code="t">Owatonna journal (Owatonna, Minn. : 1863)</subfield><subfield code="w">(DLC)sn 83025284</subfield></datafield></record>